@book{ott1988,
	author =	{Henry W. Ott},
	title =		{Noise reduction techniques in electronic systems},
	publisher =	{John Wiley \& Sons, Inc.},
	year =		{1988},
	edition =	{second}
}

@manual{K27-1991,
	title =		{{ITU-T K.27 Bonding configurations and earthing inside a telecommunication building}},
	organization =	{International Telecommunication Union},
	year =		{1991}
}

@manual{IARU1,
	title =		{{IARU Region 1 HF and VHF/UHF/Microwave Band plans}},
	organization =	{IARU},
	year =		{2020},
	note =		{\url{https://www.iaru-r1.org/on-the-air/band-plans/}}
}

@manual{ITU-RR,
	title =		{{ITU-RR. Radio Regulations}},
	organization =	{International Telecommunication Union},
	year =		{2020},
	note =		{\url{https://www.itu.int/pub/R-REG-RR}}
}

@manual{TR6101,
	title =		{{CEPT Recommendation T/R 61-01. CEPT Radio Amateur Licence}},
	organization =	{European Conference of Postal and Telecommunication administrations},
	year =		{2016}
}

@manual{TR6102,
	title =		{{CEPT Recommendation T/R 61-02. Harmonized Amateur Radio Examination Certificate}},
	organization =	{European Conference of Postal and Telecommunication administrations},
	year =		{2016}
}

@misc{SFS1962:700,
	title =	{{SFS 1962:700. Brottsbalk}},
	note =	{\url{https://www.riksdagen.se/sv/dokument-lagar/dokument/svensk-forfattningssamling/brottsbalk-1962700_sfs-1962-700}}
}

@misc{SFS2016:392,
	title =	{{SFS 2016:392. Radioutrustningslag}},
	note =	{\url{https://www.riksdagen.se/sv/dokument-lagar/dokument/svensk-forfattningssamling/radioutrustningslag-2016392_sfs-2016-392}}
}

@misc{PTSFS2019:1,
	title =	{{PTSFS 2019:1. Post- och telestyrelsens allmänna råd om den svenska frekvensplanen}},
	note =	{\url{https://www.pts.se/sv/dokument/foreskrifter/radio/ptsfs-20191-pts-allmanna-rad-om-den-svenska-frekvensplanen/}}
}

@misc{PTSFS2022:19,
	title =	{{PTSFS 2022:19. Post- och telestyrelsens föreskrifter om undantag från tillståndsplikt för användning av vissa radiosändare}},
	note =	{\url{https://www.pts.se/sv/dokument/foreskrifter/radio/ptsfs-202219-foreskrifter-om-undantag-fran-tillstandsplikt-for-anvandning-av-vissa-radiosandare/}}
}

@article{1999/519/EG,
	title =		{1999/519/{EG}: Rådets rekommendation av den 12 juli 1999 om begränsning av allmänhetens exponering för elektromagnetiska fält (0 {Hz}-300 {GHz})},
	journal =	{Europeiska gemenskapernas officiella tidning},
	year =		{1999}
}

@misc{SSMFS2008:18,
	title =	{{SSMFS 2008:18. Strålsäkerhetsmyndighetens allmänna råd om begränsning av allmänhetens exponering för elektromagnetiska fält}},
	note =	{\url{https://www.stralsakerhetsmyndigheten.se/Publikationer/Forfattning/SSMFS-2008/SSMFS-200818/}}
}

@manual{OETbul65,
	title =		{{OET Bulletin 65. Evaluating Compliance With FCC Guidelines for Human Exposure to Radio frequency Electromagnetic Fields}},
	organization =	{Federal Communications Commission (FCC)},
	year =		{1997},
	note =		{\url{https://transition.fcc.gov/oet/info/documents/bulletins/oet65/oet65.pdf}}
}

@manual{OETbul65b,
	title =		{{OET Bulletin 65 Supplement B. Evaluating Compliance With FCC Guidelines for Human Exposure to Radio frequency Electromagnetic Fields; Additional Information for Amateur Radio Stations}},
	organization =	{Federal Communications Commission (FCC)},
	year =		{1997},
	note =		{\url{https://transition.fcc.gov/oet/info/documents/bulletins/oet65/oet65b.pdf}}
}

@book{ARRLHDB2015,
	title =		{{The ARRL Handbook}},
	organization =	{Amateur Radio Relay League (ARRL)},
	edition =	{100},
	year =		{2023}
}

@book{Rothammel2001,
	author =	{Rothammel},
	title =		{Rothammels Antennen Buch},
	publisher =	{DARC Verlag},
	edition =	{12},
	year =		{2001}
}

@manual{SIbrochure8,
	title =		{The International System of Units {(SI)}, 8th edition},
	organization =	{Bureau International des Poids et Mesures},
	year =		{2006}
}

@misc{SFS2022:482,
	title =		{{SFS 2022:482. Lag om elektronisk kommunikation}},
	note =		{\url{https://www.riksdagen.se/sv/dokument-lagar/dokument/svensk-forfattningssamling/lag-2022482-om-elektronisk-kommunikation_sfs-2022-482}}
}

@misc{TampereConvention,
	author =	{United Nations},
	title =		{Tampere Convention on the Provision of Telecommunication Resources for Disaster Mitigation and Relief Operations},
	publisher =	{United Nations},
	year =		{1998},
	note =		{\url{http://www.ifrc.org/Docs/idrl/I271EN.pdf}}
}

@manual{IARU-ETG,
	title =		{IARU Nödsambandsguide},
	year =		{2017},
	note =		{\url{https://www.iaru-r1.org/wp-content/uploads/2020/05/Nödsamband-1.4_2017-10-24-BE.pdf}}
}

@misc{SFS2022:511,
	title =		{{SFS 2022:511. Förordning om elektronisk kommunikation}},
	note =		{\url{https://www.riksdagen.se/sv/dokument-lagar/dokument/svensk-forfattningssamling/forordning-2022511-om-elektronisk-kommunikation_sfs-2022-511}}
}

@misc{SFS2016:363,
	title =		{{SFS 2016:363. Förordning om elektromagnetisk kompatibilitet}},
	note =		{\url{https://www.riksdagen.se/sv/dokument-lagar/dokument/svensk-forfattningssamling/forordning-2016363-om-elektromagnetisk_sfs-2016-363}}
}

@book{DARCaus,
	author =	{Deutscher Amateur-Radio-Club},
	title =		{Ausbildungunterlagen},
	publisher =	{DARC Verlag},
	year =		{1983},
	key =		{DARC}
}

@book{LowBandDX,
	author =	{Devoldere, John ON4UN},
	title =		{{Low-Band DXing}},
	publisher =	{ARRL},
	year =		{2015},
	edition =	{5}
}

@book{koncept1997,
	author =	{Wiberg, Lennart},
	title =		{Koncept för radioamatörcertifikat},
	publisher =	{Föreningen Sveriges Sändareamatörer},
	year =		{1997}
}

@misc{TSFS2009:95,
	title =		{{TSFS 2009:95. Transportstyrelsens föreskrifter och allmänna råd om radioutrustning på fartyg}},
	year =		{2016},
	note =		{\url{https://www.transportstyrelsen.se/TSFS/TSFS%202009_95k.pdf}}
}

@manual{M1677-1,
	title =		{{ITU-R M.1677-1. International Morse code}},
	organization =	{International Telecommunication Union},
	year =		{2009}
}

@misc{letrafo,
	author =	{Sandqvist, William},
	title =		{{IE1206 Inbyggd elektronik Le trafo}},
	publisher =	{KTH},
	year =		{2015},
	note =		{\url{https://www.kth.se/social/files/550c5224f276542010c17836/Le_trafo.pdf} (Hämtad 2024-01-17)}
}

@misc{broschyr-elolycka,
	title =		{Vägledning vid elolycka},
	publisher =	{Elsäkerhetsverket},
	year =		{2017},
	note =		{\url{https://www.elsakerhetsverket.se/om-oss/publikationer/broschyrer/vagledning-vid-elolycka/} (Hämtad 2024-11-09)}
}

@article{GDPR,
	title =		{Europaparlamentets och rådets förordning {(EU)} 2016/679 av den 27 april 2016 om skydd för fysiska personer med avseende på behandling av personuppgifter och om det fria flödet av sådana uppgifter och om upphävande av direktiv {95/46/EG} (allmän dataskyddsförordning)},
	journal =	{Europeiska unionens officiella tidning},
	year =		{2016}
}

@misc{SFS1992:1512,
	title =		{{SFS 1992:1512. Lag om elektromagnetisk kompatibilitet}},
	note =		{\url{https://www.riksdagen.se/sv/dokument-lagar/dokument/svensk-forfattningssamling/lag-19921512-om-elektromagnetisk-kompatibilitet_sfs-1992-1512}}
}
